% This file was created with Citavi 6.8.0.0

@book{Berghammer.2021,
 author = {Berghammer, Rudolf},
 year = {2021},
 title = {Mathematik f{\"u}r die Informatik: Grundlegende Begriffe, Strukturen und ihre Anwendung},
 url = {http://www.springer.com/},
 price = {Paperback : circa EUR 37.99 (DE), circa EUR 39.06 (AT), circa CHF 42.00 (freier Preis)},
 address = {Wiesbaden},
 edition = {4., erweiterte und verbesserte Auflage},
 publisher = {{Springer Vieweg}},
 isbn = {978-3-658-33304-1},
 series = {Lehrbuch},
 file = {http://deposit.dnb.de/cgi-bin/dokserv?id=aa206c62b3b4467caf3282b94128eb3d&prov=M&dok_var=1&dok_ext=htm},
 file = {https://d-nb.info/1226457002/04}
}


